<?xml version="1.0" encoding="UTF-8"?><collection xmlns="http://www.loc.gov/MARC21/slim"><record><leader>00398nam--2200133-i-4500</leader><controlfield tag="001">000043379</controlfield><controlfield tag="002">20161230</controlfield><controlfield tag="005">20161230201044</controlfield><controlfield tag="008">060222s1000------------r-----000-0-eng-d</controlfield><datafield ind1=" " ind2=" " tag="245"><subfield code="a">Symposium uber probleme der spektral photometrie am februar 1957 in heidelberg.</subfield></datafield><datafield ind1=" " ind2=" " tag="260"><subfield code="a">Heidelberg, Springer, 1957. 353-438</subfield></datafield><datafield ind1=" " ind2=" " tag="490"><subfield code="a">Sitzungsberichte Der Heidelberger Akad</subfield></datafield><datafield ind1=" " ind2=" " tag="700"><subfield code="a">H.Kiele</subfield></datafield><datafield ind1=" " ind2=" " tag="852"><subfield code="a">11739</subfield></datafield></record></collection>